@article{kalchbrenner2014convolutional,
author = {Kalchbrenner, Nal and Grefenstette, Edward and Blunsom, Phil},
journal = {arXiv preprint arXiv:1404.2188},
title = {{A convolutional neural network for modelling sentences}},
year = {2014}
}
@article{hochreiter1997long,
author = {Hochreiter, Sepp and Schmidhuber, J{\"{u}}rgen},
journal = {Neural computation},
number = {8},
pages = {1735--1780},
publisher = {MIT Press},
title = {{Long short-term memory}},
volume = {9},
year = {1997}
}
@inproceedings{tang2014learning,
author = {Tang, Duyu and Wei, Furu and Yang, Nan and Zhou, Ming and Liu, Ting and Qin, Bing},
booktitle = {Proceedings of the 52nd Annual Meeting of the Association for Computational Linguistics},
pages = {1555--1565},
title = {{Learning sentiment-specific word embedding for twitter sentiment classification}},
volume = {1},
year = {2014}
}
@inproceedings{zhang2015character,
author = {Zhang, Xiang and Zhao, Junbo and LeCun, Yann},
booktitle = {Advances in Neural Information Processing Systems},
pages = {649--657},
title = {{Character-level convolutional networks for text classification}},
year = {2015}
}

@article{go2009twitter,
  title={Twitter sentiment classification using distant supervision},
  author={Go, Alec and Bhayani, Richa and Huang, Lei},
  journal={CS224N Project Report, Stanford},
  volume={1},
  pages={12},
  year={2009}
}

@inproceedings{pak2010twitter,
  title={Twitter as a Corpus for Sentiment Analysis and Opinion Mining.},
  author={Pak, Alexander and Paroubek, Patrick},
  booktitle={LREC},
  volume={10},
  pages={1320--1326},
  year={2010}
}

@article{kouloumpis2011twitter,
  title={Twitter sentiment analysis: The good the bad and the omg!},
  author={Kouloumpis, Efthymios and Wilson, Theresa and Moore, Johanna},
  journal={Icwsm},
  volume={11},
  pages={538--541},
  year={2011}
}

@inproceedings{wang2011topic,
  title={Topic sentiment analysis in twitter: a graph-based hashtag sentiment classification approach},
  author={Wang, Xiaolong and Wei, Furu and Liu, Xiaohua and Zhou, Ming and Zhang, Ming},
  booktitle={Proceedings of the 20th ACM international conference on Information and knowledge management},
  pages={1031--1040},
  year={2011},
  organization={ACM}
}

@article{mikolov2013efficient,
  title={Efficient estimation of word representations in vector space},
  author={Mikolov, Tomas and Chen, Kai and Corrado, Greg and Dean, Jeffrey},
  journal={arXiv preprint arXiv:1301.3781},
  year={2013}
}

@article{kim2014convolutional,
  title={Convolutional neural networks for sentence classification},
  author={Kim, Yoon},
  journal={arXiv preprint arXiv:1408.5882},
  year={2014}
}

@inproceedings{mikolov2013distributed,
  title={Distributed representations of words and phrases and their compositionality},
  author={Mikolov, Tomas and Sutskever, Ilya and Chen, Kai and Corrado, Greg S and Dean, Jeff},
  booktitle={Advances in neural information processing systems},
  pages={3111--3119},
  year={2013}
}

@article{li2015tree,
  title={When Are Tree Structures Necessary for Deep Learning of Representations?},
  author={Li, Jiwei and Jurafsky, Dan and Hovy, Eudard},
  journal={arXiv preprint arXiv:1503.00185},
  year={2015}
}
