@article{hochreiter1997long,
author = {Hochreiter, Sepp and Schmidhuber, J{\"{u}}rgen},
journal = {Neural computation},
number = {8},
pages = {1735--1780},
publisher = {MIT Press},
title = {{Long short-term memory}},
volume = {9},
year = {1997}
}
